<record><leader>00000cas a2200000Ma 4500</leader><controlfield tag="001">210465865</controlfield><controlfield tag="008">820924d18421855lauwr ne      0    0eng  </controlfield><datafield ind1=" " ind2=" " tag="010"><subfield code="a">sn 82003385 </subfield></datafield><datafield ind1=" " ind2=" " tag="040"><subfield code="a">DLC</subfield><subfield code="b">eng</subfield><subfield code="c">AQM</subfield><subfield code="d">OCLCQ</subfield></datafield><datafield ind1="0" ind2=" " tag="130"><subfield code="a">Democratic advocate (Baton Rouge, La.: 1842)</subfield></datafield><datafield ind1="1" ind2="0" tag="245"><subfield code="a">Democratic advocate.</subfield></datafield><datafield ind1="3" ind2="0" tag="246"><subfield code="a">Democratic advocate of politics, literature and general intelligence</subfield></datafield><datafield ind1=" " ind2=" " tag="260"><subfield code="a">Baton Rouge, La. :</subfield><subfield code="b">Thomas B.R. Hatch</subfield></datafield><datafield ind1=" " ind2=" " tag="300"><subfield code="a">v. ;</subfield><subfield code="c">69 cm.</subfield></datafield><datafield ind1=" " ind2=" " tag="310"><subfield code="a">Weekly</subfield></datafield><datafield ind1="1" ind2=" " tag="362"><subfield code="a">Began in 1842; ceased with June 7, 1855 issue.</subfield></datafield><datafield ind1=" " ind2=" " tag="500"><subfield code="a">Has subtitle: Of politics, literature and general intelligence, &lt;July 22, 1852&gt;.</subfield></datafield><datafield ind1=" " ind2=" " tag="500"><subfield code="a">Publishers: Thomas B.R. Hatch, &lt;1846&gt;; T.B.R. Hatch &amp; Co., &lt;1852&gt;.</subfield></datafield><datafield ind1=" " ind2=" " tag="588"><subfield code="a">Description based on: Vol. 3, no. 43 (Mar. 25, 1846).</subfield></datafield><datafield ind1=" " ind2="7" tag="655"><subfield code="a">Newspapers.</subfield><subfield code="2">rbgenr</subfield></datafield><datafield ind1=" " ind2=" " tag="752"><subfield code="a">United States</subfield><subfield code="b">Louisiana</subfield><subfield code="c">East Baton Rouge</subfield><subfield code="d">Baton Rouge.</subfield></datafield><datafield ind1="0" ind2="0" tag="785"><subfield code="t">Weekly advocate (Baton Rouge, La.)</subfield><subfield code="w">(DLC)sn 82003386</subfield></datafield></record>